@inproceedings{2019On,
  title     = {On the Security of Two-Round Multi-Signatures},
  author    = {Drijvers, Manu  and  Edalatnejad, Kasra  and  Ford, Bryan  and  Kiltz, Eike  and  Stepanovs, Igors },
  booktitle = {2019 IEEE Symposium on Security and Privacy (SP)},
  year      = {2019}
}
@inproceedings{wagner2002generalized,
  title        = {A generalized birthday problem},
  author       = {Wagner, David},
  booktitle    = {Annual International Cryptology Conference},
  pages        = {288--304},
  year         = {2002},
  organization = {Springer}
}

@misc{cryptoeprint:2018:068,
  author       = {Gregory Maxwell and Andrew Poelstra and Yannick Seurin and Pieter Wuille},
  title        = {Simple Schnorr Multi-Signatures with Applications to Bitcoin},
  howpublished = {Cryptology ePrint Archive, Report 2018/068},
  year         = {2018},
  note         = {\url{https://eprint.iacr.org/2018/068}}
}
@misc{cryptoeprint:2018:068:20180118:124757,
  author       = {Gregory Maxwell and Andrew Poelstra and Yannick Seurin and Pieter Wuille},
  title        = {Simple Schnorr Multi-Signatures with Applications to Bitcoin},
  howpublished = {Cryptology ePrint Archive, Report 2018/068},
  year         = {2018},
  note         = {\url{https://eprint.iacr.org/2018/068/20180118:124757}}
}
@misc{cryptoeprint:2020:1261,
  author       = {Jonas Nick and Tim Ruffing and Yannick Seurin},
  title        = {MuSig2: Simple Two-Round Schnorr Multi-Signatures},
  howpublished = {Cryptology ePrint Archive, Report 2020/1261},
  year         = {2020},
  note         = {\url{https://eprint.iacr.org/2020/1261}}
}
@misc{cryptoeprint:2020:945,
  author       = {Fabrice Benhamouda and Tancrède Lepoint and Julian Loss and Michele Orrù and Mariana Raykova},
  title        = {On the (in)security of ROS},
  howpublished = {Cryptology ePrint Archive, Report 2020/945},
  year         = {2020},
  note         = {\url{https://eprint.iacr.org/2020/945}}
}
@misc{jonasnick2020MuSig2,
  author = {jonasnick},
  title  = {MuSig2: Simple Two-Round Schnorr Multisignatures},
  year   = {2020},
  url    = {https://jonasnick.github.io/blog/2020/11/29/musig2-simple-two-round-schnorr-multisignatures/}
}